    @article{young2013plans,
      title = {Plans and planning in narrative generation: a review of plan-based approaches to the       generation of story, discourse and interactivity in narratives},
      author = {Young, R Michael and Ware, Stephen G and Cassell, Brad A and Robertson, Justus},
      journal = {Sprache und Datenverarbeitung, Special Issue on Formal and Computational Models of Narrative},
      volume = {37},
      number = {1-2},
      pages = {41--64},
      year = {2013}
    }

    @article{herd2023independantgames,
        author = {Jules Herd},
        title = {The Global Surge Of Independent Games Development Studios},
        journal = {Forbes},
        year = {2023},
        url = {https://www.forbes.com/sites/forbesagencycouncil/2023/08/21/the-global-surge-of-independent-games-development-studios/?sh=95a4f3b2a502},
        cited = {2024-02-20}
    }

    @article{wolfram1984universality,
      title={Universality and complexity in cellular automata},
      author={Wolfram, Stephen},
      journal={Physica D: Nonlinear Phenomena},
      volume={10},
      number={1-2},
      pages={1--35},
      year={1984},
      publisher={Elsevier},
      cited={2024-02-19},
    }

    @article{togelius2011procedural,
        author      =   "Togelius, Julian and Kastbjerg, Emil and Schedl, David and Yannakakis, Georgios N",
        title       =   "What is procedural content generation? Mario on the borderline",
        booktitle   =   "Proceedings of the 2nd international workshop on procedural content generation in games",
        pages       =   "1--6",
        year        =   "2011",
        url         =   "http://julian.togelius.com/Togelius2011What.pdf",
        cited       =   "2023-11-18"
    }

    @article{liangtian2020randomwalks,
      author        =   "Xia, Feng and Liu, Jiaying and Nie, Hansong and Fu, Yonghao and Wan, Liangtian and Kong, Xiangjie",
      journal       =   "IEEE Transactions on Emerging Topics in Computational Intelligence", 
      title         =   "Random Walks: A Review of Algorithms and Applications", 
      pages         =   "95--107",
      volume        =   "4",
      number        =   "2",
      year          =   "2020",
      url           =   "https://ieeexplore.ieee.org/abstract/document/8911513",
      cited         =   "2023-11-26"
    }

    @inproceedings{lagae2010survey,
      title={A survey of procedural noise functions},
      author={Lagae, Ares and Lefebvre, Sylvain and Cook, Rob and DeRose, Tony and Drettakis, George and Ebert, David S and Lewis, John P and Perlin, Ken and Zwicker, Matthias},
      booktitle={Computer Graphics Forum},
      volume={29},
      number={8},
      pages={2579--2600},
      year={2010},
      organization={Wiley Online Library}
    }

    @article{aleem2016game,
      title={Game development software engineering process life cycle: a systematic review},
      author={Aleem, Saiqa and Capretz, Luiz Fernando and Ahmed, Faheem},
      journal={Journal of Software Engineering Research and Development},
      volume={4},
      pages={1--30},
      year={2016},
      publisher={Springer},
      cited={2024-03-06},
      url={https://link.springer.com/article/10.1186/s40411-016-0032-7}
    }

    @incollection{fray2019context,
      title={Context steering: Behavior-driven steering at the macro scale},
      author={Fray, Andrew},
      booktitle={Game AI Pro 360: Guide to Movement and Pathfinding},
      pages={147--158},
      year={2019},
      publisher={CRC Press},
      cited={2024-03-23},
      url={https://www.gameaipro.com/GameAIPro2/GameAIPro2_Chapter18_Context_Steering_Behavior-Driven_Steering_at_the_Macro_Scale.pdf}
    }

    @article{graham2003pathfinding,
        title={Pathfinding in computer games},
        author={Graham, Ross and McCabe, Hugh and Sheridan, Stephen},
        journal={The ITB Journal},
        volume={4},
        number={2},
        pages={6},
        year={2003},
        cited={2024-04-03},
        url={https://arrow.tudublin.ie/cgi/viewcontent.cgi?article=1063&context=itbj}
    }

    @inproceedings{harabor2011online,
        title={Online graph pruning for pathfinding on grid maps},
        author={Harabor, Daniel and Grastien, Alban},
        booktitle={Proceedings of the AAAI conference on artificial intelligence},
        volume={25},
        number={1},
        pages={1114--1119},
        year={2011},
        cited={2024-04-04},
        url={https://ojs.aaai.org/index.php/AAAI/article/view/7994}
    }

    @inproceedings{reynolds1999steering,
        title={Steering behaviors for autonomous characters},
        author={Reynolds, Craig W and others},
        booktitle={Game developers conference},
        volume={1999},
        pages={763--782},
        year={1999},
        organization={Citeseer},
        cited={2024-04-07},
        url={https://citeseerx.ist.psu.edu/document?repid=rep1&type=pdf&doi=9d19157fa8da0a7d216f44d6a45a73b59b6da23f}
    }

    @book{harris2020exploring,
      title={Exploring roguelike games},
      author={Harris, John},
      year={2020},
      publisher={CRC Press},
      cited={2024-03-13},
      url={https://studylib.net/doc/26051747/exploring-roguelike-games-book-by-john-harris--z-lib.org-}
    }

    @book{ebert2003texturing,
      title={Texturing \& modeling: a procedural approach},
      author={Ebert, David S},
      year={2003},
      publisher={Morgan Kaufmann}
    }

    @article{cohen2003wang,
      title={Wang tiles for image and texture generation},
      author={Cohen, Michael F and Shade, Jonathan and Hiller, Stefan and Deussen, Oliver},
      journal={ACM Transactions on Graphics (TOG)},
      volume={22},
      number={3},
      pages={287--294},
      year={2003},
      publisher={ACM New York, NY, USA}
    }

    @article{loginova2019noita,
        title = {Noita: a Game Based on Falling Sand Simulation},
        author = {Daria Loginova},
        journal = {80 Level},
        year = {2019},
        publisher = {80 Level},
        url = {https://80.lv/articles/noita-a-game-based-on-falling-sand-simulation/},
    }

    @article{boris2019diablo1,
        author = {Boris},
        title = {Dungeon Generation in Diablo 1},
        journal = {Boris The Brave},
        year = {2019},
        publisher = {Brois The Brave},
        url = {https://www.boristhebrave.com/2019/07/14/dungeon-generation-in-diablo-1/},
    }

    @article{boris2020bindingofisaac,
        author = {Boris},
        title = {Dungeon Generation in Binding of Isaac},
        journal = {Boris The Brave},
        year = {2023},
        publisher = {Brois The Brave},
        url = {https://www.boristhebrave.com/2020/09/12/dungeon-generation-in-binding-of-isaac/},
    }

    @article{zucconi2022minecraft,
        author = {Alan Zucconi},
        title = {The World Generation of Minecraft},
        year = {2022},
        publisher = {Alan Zucconi},
        ulr = {https://www.alanzucconi.com/2022/06/05/minecraft-world-generation/}
    }

    @article{scimeca2016nomanssky,
        author = {Dennis Scimeca},
        title = {This is how No Manâ€™s Sky creates over 18 quintillion planets},
        journal = {Parsec},
        year = {2016},
        publisher = {Daily Dot},
        url = {https://www.dailydot.com/parsec/no-mans-sky-procedural-generation-galaxy-creation/},
    }

    @article{wiki2023terraria,
        title = {World},
        year = {2023},
        publisher = {Terraria Wiki},
        url = {https://terraria.wiki.gg/wiki/World},
    }

    @article{kazemi-spelunky,
        author = {Darius Kazemi},
        title = {Spelunky Generator Lessons},
        url = {https://tinysubversions.com/spelunkyGen/}
    }

    @inproceedings{baghdadi2015spelunky,
        title = {A procedural method for automatic generation of spelunky levels},
        author = {Baghdadi, Walaa and Eddin, Fawzya Shams and Al-Omari, Rawan and Alhalawani, Zeina and Shaker, Mohammad and Shaker, Noor},
        booktitle = {European conference on the applications of evolutionary computation},
        pages = {305--317},
        year = {2015},
        organization = {Springer},
        url = {https://link.springer.com/chapter/10.1007/978-3-319-16549-3_25}
    }

    @inproceedings{pereira2021procedural,
        title = {Procedural enemy generation through parallel evolutionary algorithm},
        author = {Pereira, Leonardo T and Viana, Breno MF and Toledo, Claudio FM},
        booktitle = {2021 20th Brazilian Symposium on Computer Games and Digital Entertainment (SBGames)},
        pages = {126--135},
        year = {2021},
        url = {https://ieeexplore.ieee.org/abstract/document/9637547?casa_token=bSlJEFvpF3wAAAAA:eUUrBPHSOgXb4dHptV_j4tdqlRjIGnFVM56ACJqYr6k6w1bQdGr4ZovzyJYuXYqglrwQMEhJvA}
    }

    @inproceedings{mason2019lume,
        title = {Lume: a system for procedural story generation},
        author = {Mason, Stacey and Stagg, Ceri and Wardrip-Fruin, Noah},
        booktitle = {Proceedings of the 14th International Conference on the Foundations of Digital Games},
        pages = {1--9},
        year = {2019},
        url = {https://dl.acm.org/doi/abs/10.1145/3337722.3337759}
    }

    @article{adams2023moria,
        author = {Robert N. Adams},
        title = {The Lord of the Rings: Return to Moria Map and Locations Guide},
        journal = {Tech Raptor},
        year = {2023},
        url = {https://techraptor.net/gaming/guides/lord-of-rings-return-to-moria-map-and-locations-guide}
    }

    @article{wiki2015dontstarve,
        title = {World Generation},
        publisher = {Don't Starve Fandom},
        year = {2015},
        url ={https://dontstarve.fandom.com/wiki/World_Generation#articleComments}
    }

    @article{twobithistory2019doom,
        publisher = {Two Bit History},
        title = {How Much of a Genius-Level Move Was Using Binary Space Partitioning in Doom?},
        year = {2019},
        url = {https://twobithistory.org/2019/11/06/doom-bsp.html}
    }

    @article{wiki2023corekeeper,
        title = {World Generation Algorithm},
        publisher = {Core Keeper Wiki},
        year = {2023},
        url = {https://corekeeper.atma.gg/en/World#World_generation_algorithm}
    }

    @article{hart1968formal,
        title={A formal basis for the heuristic determination of minimum cost paths},
        author={Hart, Peter E and Nilsson, Nils J and Raphael, Bertram},
        journal={IEEE transactions on Systems Science and Cybernetics},
        volume={4},
        number={2},
        pages={100--107},
        year={1968},
        cited={2024-04-02},
        publisher={IEEE}
    }

    @inproceedings{nordvig2020expanding,
        title = {Expanding wave function collapse with growing grids for procedural map generation},
        author = {Nordvig M{\o}ller, Tobias and Billeskov, Jonas and Palamas, George},
        booktitle = {Proceedings of the 15th International Conference on the Foundations of Digital Games},
        pages = {1--4},
        year = {2020},
        url = {https://dl.acm.org/doi/abs/10.1145/3402942.3402987?casa_token=XnxAt5nFhR4AAAAA:1VvPuRGLvQq7EnZyDH_FoqnM3lV6ZJiIi52id0Zgb4s-lh9GxPx00Q6EkCdx5rygBCiSgw-8mhWT}
    }

    @article{thompson2022wfc,
        author = {Tommy Thompson},
        title = {How Townscaper Works: A Story Four Games in the Making},
        journal = {Game Developer},
        year = {2022},
        url = {https://www.gamedeveloper.com/game-platforms/how-townscaper-works-a-story-four-games-in-the-making}
    }

    @inproceedings{putra2023bsp,
        title = {Procedural 2D Dungeon Generation Using Binary Space Partition Algorithm And L-Systems},
        author = {Putra, Pratama Aditya and Tarigan, Jos Timanta and Zamzami, Elviawaty Muisa},
        booktitle = {2023 International Conference on Computer, Control, Informatics and its Applications (IC3INA)},
        pages = {365--369},
        year = {2023},
        url = {https://ieeexplore.ieee.org/abstract/document/10285811?casa_token=ryLMyVXhVfAAAAAA:o1XBErnq4fpOzdVRZQUzzrEzjzRzH9lfXjHnrsmWKXNdm6WjzVaWQZizc7u907KlTT-C1XXEXg}
    }

    @inproceedings{adams2017cellular,
        title = {Procedural maze level generation with evolutionary cellular automata},
        author = {Adams, Chad and Louis, Sushil},
        booktitle = {2017 IEEE Symposium Series on Computational Intelligence (SSCI)},
        pages = {1--8},
        year = {2017},
        url = {https://ieeexplore.ieee.org/abstract/document/8285213}
    }

    @article{chopard1998cellular,
        title = {Cellular automata},
        author = {Chopard, Bastien and Droz, Michel},
        journal = {Modelling of Physical},
        pages = {6--13},
        year = {1998},
        publisher = {Springer},
        url = {https://link.springer.com/content/pdf/10.1007/b102055.pdf}
    }

    @inproceedings{miller1986diamonsquare,
        title = {The definition and rendering of terrain maps},
        author = {Miller, Gavin SP},
        booktitle = {Proceedings of the 13th annual conference on Computer graphics and interactive techniques},
        pages = {39--48},
        year = {1986},
        url = {https://dl.acm.org/doi/pdf/10.1145/15922.15890}
    }

    @inproceedings{rose2016brief-diamondsquare,
        title = {Algorithms and approaches for procedural terrain generation-a brief review of current techniques},
        author = {Rose, Thomas J and Bakaoukas, Anastasios G},
        booktitle = {2016 8th International Conference on Games and Virtual Worlds for Serious Applications (VS-GAMES)},
        pages = {1--2},
        year = {2016},
        url = {https://ieeexplore.ieee.org/stamp/stamp.jsp?tp=&arnumber=7590336}
    }

    @article{bourke2014dla,
        author = {Paul Bourke},
        title = {Diffusion Limited Aggregation},
        year = {2014},
        url = {https://paulbourke.net/fractals/dla/}
    }

    @article{witten1981diffusion,
      title={Diffusion-limited aggregation, a kinetic critical phenomenon},
      author={Witten Jr, Thomas A and Sander, Leonard M},
      journal={Physical review letters},
      volume={47},
      number={19},
      pages={1400},
      year={1981},
      publisher={APS},
      cited={2024-02-22},
      url={https://doi.org/10.1103/PhysRevLett.47.1400}
    }

    @article{noveltech2014dla,
        publisher = {Novel Tech},
        title = {How to use the Diffusion Aggregation algorithm to generate 2D maps for dungeons or biomes},
        journal = {Noveltech},
        year = {2023},
        url = {https://www.noveltech.dev/unity-procgen-diffusion-aggregation}
    }

    @article{lindenmayer1968mathematical,
      title={Mathematical models for cellular interactions in development I. Filaments with one-sided inputs},
      author={Lindenmayer, Aristid},
      journal={Journal of theoretical biology},
      volume={18},
      number={3},
      pages={280--299},
      year={1968},
      publisher={Elsevier},
      cited={2024-02-22},
      url={https://www.sciencedirect.com/science/article/pii/0022519368900799}
    }

    @inproceedings{dormans2010adventures,
      title={Adventures in level design: generating missions and spaces for action adventure games},
      author={Dormans, Joris},
      booktitle={Proceedings of the 2010 workshop on procedural content generation in games},
      pages={1--8},
      year={2010},
      cited={2024-02-28},
      url={https://dl.acm.org/doi/abs/10.1145/1814256.1814257}
    }

    @article{jager2012formal,
      title={Formal language theory: refining the Chomsky hierarchy},
      author={J{\"a}ger, Gerhard and Rogers, James},
      journal={Philosophical Transactions of the Royal Society B: Biological Sciences},
      volume={367},
      number={1598},
      pages={1956--1970},
      year={2012},
      publisher={The Royal Society},
      cited={2024-02-29},
      url={https://royalsocietypublishing.org/doi/epdf/10.1098/rstb.2012.0077}
    }

    @article{van2013procedural,
        title = {Procedural generation of dungeons},
        author = {Van Der Linden, Roland and Lopes, Ricardo and Bidarra, Rafael},
        journal = {IEEE Transactions on Computational Intelligence and AI in Games},
        volume = {6},
        number = {1},
        pages = {78--89},
        year = {2013},
        url = {https://ieeexplore.ieee.org/abstract/document/6661386?casa_token=SL7-nAOBhcMAAAAA:YzkQyHUeUwi_TXO29kuWWCjt8fLypgelBLWOhbQ2iNzFlP2iixsIZCZT7GBVLCDw3XhKyP4MYg}
    }

    @book{rozenberg1997graphgrammer,
        title = {Handbook of graph grammars and computing by graph transformation},
        author = {Rozenberg, Grzegorz},
        volume = {1},
        year = {1997},
        publisher = {World scientific},
        url = {https://books.google.sk/books?hl=sk&lr=&id=P3r82gfRf8MC&oi=fnd&pg=PA1&dq=G.+Rozenberg,+Ed.,+Handbook+of+Graph+Grammars+and+Computing+by+Graph+Transformation:+Volume+I.+Foundations.+River+Edge,+NJ,+USA:+World+Scientific,+1997.&ots=SawZILgr0Y&sig=9tx9svKSOGWSHUCuFSHTr50BlA0&redir_esc=y#v=onepage&q&f=false}
    }

    @inproceedings{stiny1971shapegrammer,
        title = {Shape grammars and the generative specification of painting and sculpture.},
        author = {Stiny, George and Gips, James},
        booktitle = {IFIP congress (2)},
        volume = {2},
        number = {3},
        pages = {125--135},
        year = {1971},
        organization = {Citeseer},
        url = {https://citeseerx.ist.psu.edu/document?repid=rep1&type=pdf&doi=6dc9c55dade136193780a3ce0f5269036c5127cf}
    }

    @article{mcinerny2015lsystem,
        author = {Aidan McInerny},
        title = {Generating A Forest with L-Systems in 3D},
        year = {2015},
        url = {https://www.csh.rit.edu/~aidan/portfolio/3DLSystems.shtml}
    }

    @article{kelly2006perlin,
        title = {A survey of procedural techniques for city generation},
        author = {Kelly, George and McCabe, Hugh},
        journal = {The ITB Journal},
        volume = {7},
        number = {2},
        pages = {5},
        year = {2006},
        url = {https://arrow.tudublin.ie/itbj/vol7/iss2/5/}
    }

    @inproceedings{archer2011procedurally,
        title = {Procedurally generating terrain},
        author = {Archer, Travis},
        booktitle = {44th annual midwest instruction and computing symposium, Duluth},
        pages = {378--393},
        year = {2011},
        url = {https://micsymposium.org/mics_2011_proceedings/mics2011_submission_30.pdf}
    }

    @article{stephenson2020srp,
        author = {Tom Stephenson},
        title = {Creating Simple Procedural Dungeon Generation},
        year = {2020},
        url = {https://www.tomstephensondeveloper.co.uk/post/creating-simple-procedural-dungeon-generation}
    }

    @article{aurenhammer2000voronoi,
        title = {Voronoi Diagrams.},
        author = {Aurenhammer, Franz and Klein, Rolf},
        journal = {Handbook of computational geometry},
        volume = {5},
        number = {10},
        pages = {201--290},
        year = {2000},
        url = {https://books.google.sk/books?hl=sk&lr=&id=uZdAqAWB3BcC&oi=fnd&pg=PA201&dq=voronoi+diagrams&ots=lIp0DFqPLK&sig=ZAd62vBMP4bFGLCxo1SGJmK-2hM&redir_esc=y#v=onepage&q=voronoi%20diagrams&f=false}
    }

    @inproceedings{worley1996cellular,
      title={A cellular texture basis function},
      author={Worley, Steven},
      booktitle={Proceedings of the 23rd annual conference on Computer graphics and interactive techniques},
      pages={291--294},
      year={1996},
      cited={2024-03-01},
      url={https://dl.acm.org/doi/pdf/10.1145/237170.237267}
    }

    @inproceedings{kim2019wfc,
        title = {Automatic generation of game content using a graph-based wave function collapse algorithm},
        author = {Kim, Hwanhee and Lee, Seongtaek and Lee, Hyundong and Hahn, Teasung and Kang, Shinjin},
        booktitle = {2019 IEEE Conference on Games (CoG)},
        pages = {1--4},
        year ={2019},
        url = {https://ieeexplore.ieee.org/abstract/document/8848019?casa_token=KXv1cNq0eGQAAAAA:n3FT7pb-mFEIklrXfcTgK8BJSyg0jE4QKjAEkKrQDJ1HoaRhCO9xIUXpy0Cy_GEB1hM2BQQmPw}
    }